<record><leader>00000cas a22000007a 4500</leader><controlfield tag="001">11458306</controlfield><controlfield tag="008">841205d18371856nyuwr ne      0    0eng d</controlfield><datafield ind1=" " ind2=" " tag="010"><subfield code="a">sn 84031936 </subfield></datafield><datafield ind1=" " ind2=" " tag="040"><subfield code="a">NYG</subfield><subfield code="b">eng</subfield><subfield code="c">NYG</subfield><subfield code="d">NYS</subfield><subfield code="d">OCL</subfield><subfield code="d">OCLCF</subfield><subfield code="d">OCLCO</subfield></datafield><datafield ind1=" " ind2=" " tag="042"><subfield code="a">msc</subfield></datafield><datafield ind1="0" ind2="0" tag="245"><subfield code="a">West Troy advocate and Watervliet advertiser.</subfield></datafield><datafield ind1="1" ind2="0" tag="246"><subfield code="a">West Troy advocate</subfield></datafield><datafield ind1="1" ind2="0" tag="246"><subfield code="a">Watervliet advertiser</subfield></datafield><datafield ind1=" " ind2=" " tag="260"><subfield code="a">West Troy, [N.Y.] :</subfield><subfield code="b">W. Hollands,</subfield><subfield code="c">1837-1856.</subfield></datafield><datafield ind1=" " ind2=" " tag="300"><subfield code="a">v. :</subfield><subfield code="b">ill. ;</subfield><subfield code="c">46-54 cm.</subfield></datafield><datafield ind1=" " ind2=" " tag="310"><subfield code="a">Weekly</subfield></datafield><datafield ind1="1" ind2=" " tag="362"><subfield code="a">Vol. 1, no. 1 (Oct. 4, 1837)-v. 19, no. 48 (Aug. 20, 1856).</subfield></datafield><datafield ind1=" " ind2=" " tag="500"><subfield code="a">Published on Wednesday.</subfield></datafield><datafield ind1=" " ind2="0" tag="651"><subfield code="a">Watervliet (N.Y.)</subfield><subfield code="v">Newspapers.</subfield></datafield><datafield ind1=" " ind2="0" tag="651"><subfield code="a">West Troy (N.Y.)</subfield><subfield code="v">Newspapers.</subfield></datafield><datafield ind1=" " ind2="7" tag="655"><subfield code="a">Newspapers.</subfield><subfield code="2">fast</subfield><subfield code="0">(OCoLC)fst01423814</subfield></datafield><datafield ind1=" " ind2="7" tag="651"><subfield code="a">New York (State)</subfield><subfield code="z">Watervliet.</subfield><subfield code="2">fast</subfield><subfield code="0">(OCoLC)fst01235029</subfield></datafield><datafield ind1=" " ind2="7" tag="651"><subfield code="a">New York (State)</subfield><subfield code="z">West Troy.</subfield><subfield code="2">fast</subfield><subfield code="0">(OCoLC)fst01872215</subfield></datafield><datafield ind1=" " ind2=" " tag="752"><subfield code="a">United States</subfield><subfield code="b">New York</subfield><subfield code="c">Albany</subfield><subfield code="d">Watervliet.</subfield></datafield><datafield ind1=" " ind2=" " tag="752"><subfield code="a">United States</subfield><subfield code="b">New York</subfield><subfield code="c">Albany</subfield><subfield code="d">West Troy.</subfield></datafield><datafield ind1="0" ind2="0" tag="785"><subfield code="t">West Troy advocate</subfield><subfield code="w">(DLC)sn 85054389</subfield></datafield></record>